@article{D&T,
	title 	 = {Heurística para avaliação de usabilidade em interfaces de aplicativos smartphones: utilidade, produtividade e imersão},
	author 	 = {Valéria Feijó, Berenice Gonçalves e Luiz Gomez},
	journal  = {Design e Tecnologia},
	volume 	 = {3},
	number 	 = {06},
	year 	 = {2013},
	keywords = {Usabilidade, Avaliação, Heurísticas, Aplicativos},
	issn 	 = {2178-1974},
	pages 	 = {33--42},
	doi 	 = {10.23972/det2013iss06pp33-42},
	note 	 = "Acessado em: 22/07/2017. Disponível em: https://www.ufrgs.br/det/index.php/det/article/view/141"
}

@online{codigo_fonte_url,
	title	= {Código fonte da arquitetura},
	note	= "Disponível em: https://github.com/joseneas/tcc"
}

@online{doc_qt_io,
    title   = {About QML applications},
   	note 	= "Acessado em: 06/01/2018. Disponível em: http://doc.qt.io/qt-5/qmlapplications.html"
}

@online{qt_software,
    title   = {About Qt},
	note 	= "Acessado em: 06/01/2018. Disponível em: https://en.wikipedia.org/wiki/Qt\_(software)"
}

@online{qt_io,
    title   = {Qt – Cross-platform software development for embedded and desktop},
	note 	= "Acessado em: 06/01/2018. Disponível em: https://www.qt.io"
}

@online{qt_gui_toolkit,
    title   = {Qt Toolkit},
	note 	= "Acessado em: 06/01/2018. Disponível em: http://www.linuxjournal.com/article/201"
}

@online{jair_Cavalcanti_leite,
	title 	= {Design da arquitetura de componentes},
	note	= "Acessado em: 15/12/2017. Disponível em: https://www.dimap.ufrn.br/~jair/ES/c7.html"
}

@book{shaw_and_garlan,
	title	  = {Software Architecture. Perspectives on an Emerging Discipline},
	author	  = {Shaw M. and Garlan D.},
	year	  = {1996},
	pages	  = {242},
	publisher = {Prentice Hall}
}

@online{what_is_mobile,
	title	  = {O que é um aplicativo móvel?},
	note	  = "Acessado em: 11/07/2017. Disponível em: http://blog.stone.com.br/aplicativo-movel"
}

@online{ibm_research,
	title 	  = {Web Services Description Language (WSDL) 1.1},
	journal   = {Web Service Definition Language (WSDL)},
	author    = {Erik Christensen and IBM Research, Francisco Curbera and Microsoft, Greg Meredith and IBM Research, Sanjiva Weerawarana},
	note	  = "Acessado em: 24/07/2017. Disponível em: https://www.w3.org/TR/wsdl"
}

@article{rafael_heider,
	author  	= {Rafael Heider Barros Feijó},
	title   	= {Uma arquitetura de software baseada em componentes para visualização de informações industriais},
	journal 	= {Programa de Pós-Graduação em Engenharia Elétrica do Centro de Tecnologia da UFRN},
	year    	= {2007}
}

@article{szyperski_bosch_weck_1999,
	title		= {Component-Oriented Programming},
	url			= {http://oberon2005.oberoncore.ru/paper/cs1999.pdf},
	DOI			= {10.1007/3-540-46589-8_10},
	journal		= {Object-Oriented Technology ECOOP'99 Workshop Reader Lecture Notes in Computer Science},
	author		= {Szyperski, Clemens and Bosch, Jan and Weck, Wolfgang},
	year		= {1999},
	pages		= {184–192}
}

@misc{fielding,
	title 		 = {Architectural styles and the design of network-based software architectures},
	journal	 	 = {ACM Digital Library},
	publisher	 = {University of California, Irvine},
	author		 = {Fielding, Roy Thomas},
	note 		 = "Acessado em: 26/07/2017. Disponível em: http://dl.acm.org/citation.cfm?id=932295"
}

@inproceedings{Acer:2015:EES:2902314.2902344,
	author 		= {Acer, Utku and Mashhadi, Afra and Forlivesi, Claudio and Kawsar, Fahim},
	title 		= {Energy Efficient Scheduling for Mobile Push Notifications},
	booktitle 	= {Proceedings of the 12th EAI International Conference on Mobile and Ubiquitous Systems: Computing, Networking and Services on 12th EAI International Conference on Mobile and Ubiquitous Systems: Computing, Networking and Services},
	year 		= {2015},
	pages 		= {100--109},
	numpages 	= {10},
	url 		= {http://dx.doi.org/10.4108/eai.22-7-2015.2260067},
	publisher 	= {ICST (Institute for Computer Sciences, Social-Informatics and Telecommunications Engineering)},
}

@book{wfmmc,
	title 		= {BPM CBOK - Guide to the Business Process Management Common Body of Knowledge},
	author  	= {Business Process Management},
	year 		= {2013},
	pages		= {446},
	publisher	= {Createspace Independent Publishing Platform}
}

@article{perepletchikov,
	author		= {Perepletchikov, M.; Ryan, C.},
	title		= {A controlled experiment for evaluating the impact of coupling on the maintainability of service-oriented software.},
	journal		= {IEEE Transactions on Software Engineering},
	year		= {2011},
	pages		= {449–465}
}

@article{jun_y_zhishu,
	author 		= {Jun, Y.; Zhishu, L.; Yanyan, M.},
	title 		= {Json based decentralized sso security architecture in e-commerce.},
	journal 	= {In: Proceedings of the 2008 International Symposium on Electronic Commerce and Security - ISECS '08, Washington, DC, USA: IEEE Computer Society},
	year 		= {2008},
	pages 		= {471–475}
}

@inproceedings{Pabllo:2008:MMA:1621087.1621128,
	author 		= {Pabllo, Cayo and Soto, Rafael and Campos, Jorge},
	title 		= {Mobile Medication Administration System: Application and Architecture},
	booktitle 	= {Proceedings of the 2008 Euro American Conference on Telematics and Information Systems},
	series 		= {EATIS '08},
	year 		= {2008},
	pages 		= {41:1--41:4},
	url 		= {http://doi.acm.org/10.1145/1621087.1621128},
	doi 		= {10.1145/1621087.1621128},
	publisher 	= {ACM},
	address 	= {New York, NY, USA},
	url 		= "\url{http://dl.acm.org/citation.cfm?id=1621128}"
}

@online{governanadetidotcom,
	title 		= {Gerenciando Projetos com PMBOK},
	note 		= "Acessado em 14/08/2017. Disponível em: http://www.governancadeti.com/2011/03/gerenciando-projetos-com-pmbok/"
}

@online{qt_overviews,
	title 		= {Qt Documentation | Qt Overviews},
	note 		= "Acessado em: 21/08/2017. Disponível em: http://doc.qt.io/qt-5/overviews-main.html"
}

@inproceedings{Kronbauer:2012:UEE:2393536.2393582,
	author 		= {Kronbauer, Artur Henrique and Santos, Celso A. S. and Vieira, Vaninha},
	title 		= {Um Estudo Experimental De Avaliação Da Experiência Dos Usuários De Aplicativos Móveis a Partir Da Captura Automática Dos Dados Contextuais e De Interação},
	booktitle 	= {Proceedings of the 11th Brazilian Symposium on Human Factors in Computing Systems},
	series 		= {IHC '12},
	year 		= {2012},
	pages 		= {305--314},
	url 		= {http://dl.acm.org/citation.cfm?id=2393536.2393582},
	publisher 	= {Brazilian Computer Society},
	address 	= {Porto Alegre-RS, Brazil}
}

@inproceedings{Vermeeren:2010:UEE:1868914.1868973,
	author 		= {Vermeeren, Arnold P. O. S. and Law, Effie Lai-Chong and Roto, Virpi and Obrist, Marianna and Hoonhout, Jettie and V\"{a}\"{a}n\"{a}nen-Vainio-Mattila, Kaisa},
	title 		= {User Experience Evaluation Methods: Current State and Development Needs},
	booktitle 	= {Proceedings of the 6th Nordic Conference on Human-Computer Interaction: Extending Boundaries},
	series 		= {NordiCHI '10},
	year 		= {2010},
	pages 		= {521--530},
	url 		= {http://doi.acm.org/10.1145/1868914.1868973},
	publisher 	= {ACM},
	address 	= {New York, NY, USA}
}

@article{McCarthy:2004:TE:1015530.1015549,
	author 		= {McCarthy, John and Wright, Peter},
	title 		= {Technology As Experience},
	journal 	= {interactions},
	issue_date 	= {September + October 2004},
	volume 		= {11},
	number 		= {5},
	month 		= {sep},
	year 		= {2004},
	pages 		= {42--43},
	url 		= {http://doi.acm.org/10.1145/1015530.1015549},
	publisher 	= {ACM},
	address 	= {New York, NY, USA}
}

@article{zambiasi,
	author  	= {Zambiasi, Saulo Popov},
	title   	= {Uma arquitetura de referência para softwares assistentes pessoais baseada na arquitetura orientada a serviços},
	journal 	= {Tese (doutorado) - UFSC, Centro Tecnológico. Programa de Pós-Graduação em Engenharia de Automação e Sistemas},
	year    	= {2012},
	pages   	= {331},
	number  	= {77},
	url     	= {https://repositorio.ufsc.br/handle/123456789/99348}
}

@book{Hofmeister:1999:ASA:322640,
	author 		= {Hofmeister, Christine and Nord, Robert and Soni, Dilip},
	title 		= {Applied Software Architecture},
	month		= {nov},
	year 		= {2000},
	isbn 		= {0-201-32571-3},
	edition 	= {1st},
	publisher 	= {Addison-Wesley Longman Publishing Co., Inc.},
	address 	= {Boston, MA, USA},
	pages		= {432}
}

@article{c._k_f._2006,
	title 		= {Reference Model for Service Oriented Architecture},
	month 		= {oct},
	year 		= {2006},
	note 	 	= "Acessado em: 10/01/2018. Disponível em: https://docs.oasis-open.org/soa-rm/v1.0/soa-rm.html"
}

@book{D'Souza:1998:OCF:291139,
	author 		= {D'Souza, Desmond F. and Wills, Alan Cameron},
	title 		= {Objects, Components, and Frameworks with UML: The Catalysis Approach},
	year 		= {1999},
	isbn 		= {0-201-31012-0},
	publisher 	= {Addison-Wesley Longman Publishing Co., Inc.},
	address		= {Boston, MA, USA},
	url 		= {https://dl.acm.org/citation.cfm?id=291139}
}

@book{laudon,
    author		= {Kenneth C. Laudon; Jane Price Laudon},
    title		= {Sistemas de Informação},
    year		= {1999},
	publisher	= {LTC},
    volume		= {Unico},
    address		= {Rio de Janeiro, Brasil},
    edition 	= {fourth}
}

@misc{melotti_2014,
	title		= {CReAMA: Uma Arquitetura de Referência para o Desenvolvimento de Sistemas Colaborativos Móveis Baseados em Componentes.},
	author		= {MELOTTI, M.},
	url			= {http://repositorio.ufes.br/handle/10/4270},
	journal		= {riUfes: Home},
	publisher 	= {Universidade Federal do Espírito Santo},
	year		= {2014}
}

@misc{jauridacruzjunior,
    author		= {Jauri Da Cruz Júnior},
    title   	= {Solução Multiplataforma Para Smartphone Utilizando Os Frameworks Sencha Touch E Phonegap Integrado À Tecnologia Web Service Java},
    journal 	= {TCC, Análise e Desenvolvimento de Sistemas. Instituto Municipal de Ensino Superior de Assis},
    year    	= {2014}
}

@misc{moca_2004,
	title		= {MoCA: Uma Arquitetura para o Desenvolvimento de Aplicações Sensíveis ao Contexto para Dispositivos Móveis},
	author		= {Rodrigues, Vagner José do Sacramento},
	url = {http://eds.a.ebscohost.com/eds/detail/detail?vid=1&sid=9e4ec8d5-8c8d-4a45-a23b-b66b66521b42%40sessionmgr4007&bdata=Jmxhbmc9cHQtYnImc2l0ZT1lZHMtbGl2ZSZzY29wZT1zaXRl#db=cat04685a&AN=puc.168116},
	publisher	= {Rio de Janeiro. PUC, Dep. de Informática, 2004.},
	year		= {2004}
}